@article{Kulesza2012DeterminantalPP,
  title={Determinantal Point Processes for Machine Learning},
  author={Alex Kulesza and Ben Taskar},
  journal={Found. Trends Mach. Learn.},
  year={2012},
  volume={5},
  pages={123-286},
  url={https://api.semanticscholar.org/CorpusID:51975610}
}
@article{Steinke2023PrivacyAW,
  title={Privacy Auditing with One (1) Training Run},
  author={Thomas Steinke and Milad Nasr and Matthew Jagielski},
  journal={ArXiv},
  year={2023},
  volume={abs/2305.08846},
  url={https://api.semanticscholar.org/CorpusID:258685658}
}